@software{Keskin_A_Formalization_of_2023,
author = {Keskin, Ata},
month = sep,
title = {{A Formalization of Martingales in Isabelle/HOL}},
note={\url{https://github.com/atakeskinn/martingales}},
version = {1.0.0},
year = {2023}
}

@book{Hytoenen_2016, 
	place={Cham, Switzerland}, 
	title={Analysis in Banach Spaces Volume I: Martingales and Littlewood-Paley theory}, 
	publisher={Springer International Publishing}, 
	author={Hytönen, Tuomas and Neerven, Jan van and Veraar, Mark and Weis, Lutz}, 
	year={2016},
	ISBN={978-3-319-48519-5}
} 

@book{Lang_1993, 
	place={New York}, 
	title={Real and Functional Analysis}, 
	publisher={Springer}, 
	author={Lang, Serge}, 
	year={1993},
	isbn={978-1-4612-0897-6}
} 

@misc{keskin2023formalization,
      title={A Formalization of Martingales in Isabelle/HOL}, 
      author={Ata Keskin},
      year={2023},
      eprint={2311.06188},
      archivePrefix={arXiv},
      primaryClass={cs.LO}
}