@book{latex,
  title = {LaTeX : A Documentation Preparation System User's Guide and Reference Manual},
  publisher = {Addison-Wesley Professional},
  year = {1994},
  author = {Leslie Lamport}
}

@book{Hytoenen_2016, place={Cham, Switzerland}, title={Analysis in Banach Spaces Volume I: Martingales and Littlewood-Paley theory}, publisher={Springer International Publishing}, author={HytoÌˆnen, Tuomas and Neerven, Jan van and Veraar, Mark and Weis, Lutz}, year={2016}} 